@ARTICLE{kumar,
	AUTHOR       = "Mahony, Robert and Kumar, Vijay",
	TITLE        = "Aerial Robotics and the Quadrotor",
	JOURNAL = "IEEE Robotcis and Automation Magazine",
	YEAR         = "2012",
	VOLUME       = "",
	NUMBER       = "",
	PAGES        = "19",
	MONTH        = "",
	NOTE         = ""
}

@ARTICLE{FOREST,
	AUTHOR       = "Ghamry, Khaled A and Zhang, Youmin",
	TITLE        = "Cooperative control of multiple UAVs for forest fire monitoring and detection",
	JOURNAL = "Mechatronic and Embedded Systems and Applications (MESA), 2016 12th IEEE/ASME International Conference on",
	YEAR         = "2016",
	VOLUME       = "",
	NUMBER       = "",
	PAGES        = "1--6",
	MONTH        = "",
	NOTE         = ""
}

@ARTICLE{RESCUE,
	AUTHOR       = "Kim, Heekyung and Choi, Ken",
	TITLE        = "A modular wireless sensor network for architecture of autonomous UAV using dual platform for assisting rescue operation",
	JOURNAL = "SENSORS, 2016 IEEE",
	YEAR         = "2016",
	VOLUME       = "",
	NUMBER       = "",
	PAGES        = "1--3",
	MONTH        = "",
	NOTE         = ""
}
@ARTICLE{TRANSPORT,
	AUTHOR       = "Cruz, Patricio J and Oishi, Meeko and Fierro, Rafael",
	TITLE        = "Lift of a cable-suspended load by a quadrotor: A hybrid system approach",
	JOURNAL = "American Control Conference (ACC), 2015",
	YEAR         = "2015",
	VOLUME       = "",
	NUMBER       = "",
	PAGES        = "1887--1892",
	MONTH        = "",
	NOTE         = ""
}

@ARTICLE{Seoul,
	AUTHOR       = "Kim, Suseong and Choi, Seungwon and Kim, H Jin",
	TITLE        = "Aerial Manipulation Using a Quadrotor with a Two DOF Robotic Arm",
	JOURNAL = "International Conference on Intelligent Robots and Systems (IROS)",
	YEAR         = "November 2013",
	VOLUME       = "",
	NUMBER       = "",
	PAGES        = "4990-4995",
	MONTH        = "",
	NOTE         = ""
}

@ARTICLE{GraspAvian,
	AUTHOR       = "Thomas, Justin and Polin, Joe and Sreenath, Koushil and Kumar, Vijay",
	TITLE        = "Avian-Inspired Grasping for Quadrotor Micro UAVs",
	JOURNAL = "ASME International Design Engineering Technical Conference (IDETC)",
	YEAR         = "2013",
	VOLUME       = "",
	NUMBER       = "",
	PAGES        = "",
	MONTH        = "",
	NOTE         = ""
}

@ARTICLE{GraspCubic,
	AUTHOR       = "Lindsey, Quentin and Mellinger, Daniel and Kumar, Vijay",
	TITLE        = "Construction of Cubic Structures with Quadrotor Teams",
	JOURNAL = "Robotics Science and Systems",
	YEAR         = "2012",
	VOLUME       = "",
	NUMBER       = "",
	PAGES        = "177-184",
	MONTH        = "",
	NOTE         = ""
}

@ARTICLE{DrexelMMUAV,
	AUTHOR       = "Korpela, Christopher and Danko, Todd W and Oh, Paul",
	TITLE        = "MM-UAV: Mobile Manipulating Unmanned Aerial Vehicle",
	JOURNAL = "Journal of Intelligent and Robotic Systems",
	YEAR         = "January 2012",
	VOLUME       = "",
	NUMBER       = "",
	PAGES        = "93-101",
	MONTH        = "",
	NOTE         = ""
}

@ARTICLE{DrexelStability,
	AUTHOR       = "Orsag, Matko and Korpela, Christopher and Pekala, Miles and Oh, Paul",
	TITLE        = "Stability Control in Aerial Manipulations",
	JOURNAL = "American Control Conference (ACC)",
	YEAR         = "June 2013",
	VOLUME       = "",
	NUMBER       = "",
	PAGES        = "5581-5586",
	MONTH        = "",
	NOTE         = ""
}

@ARTICLE{DrexelValve,
	AUTHOR       = "Korpela, Christopher and Orsag, Matko and Oh, Paul",
	TITLE        = "Towards valve turning using a dual-arm aerial manipulator",
	JOURNAL = "2014 IEEE/RSJ International Conference on Intelligent Robots and Systems",
	YEAR         = "2014",
	VOLUME       = "",
	NUMBER       = "",
	PAGES        = "3411-3416",
	MONTH        = "",
	NOTE         = ""
}

@BOOK{Mechatronika,
	AUTHOR       = "Heimann, Bodo and Gerth, Wilfried and Popp, Karl",
	TITLE        = "Mechatronika komponenty, metody, przykłądy",
	PUBLISHER    = "Wydawnictwo naukowe PWN",
	YEAR         = "2001",
	VOLUME       = "",
	SERIES       = "",
	ADDRESS      = "",
	EDITION      = "",
	MONTH        = "",
	NOTE         = ""
}

@ARTICLE{BLDC,
	AUTHOR       = "Bogusz, Piotr and Korkosz, Mariusz and Prokop, Jan",
	TITLE        = "A study of design process of BLDC motor for aircraft hybrid drive",
	JOURNAL = "2011 IEEE International Symposium on Industrial Electronics",
	YEAR         = "2011",
	VOLUME       = "",
	NUMBER       = "",
	PAGES        = "508-513",
	MONTH        = "",
	NOTE         = ""
}

@ARTICLE{Badanie,
	AUTHOR       = "Gardecki, Stanisław and and Kasiński, Andrzej",
	TITLE        = "Badanie i dobór elektronicznych jednostek napędowych wielowirnikowego robota latającego",
	JOURNAL = "Pomiar Automatyka Kontrola, Oficyna wydawnicza (PAK)",
	YEAR         = "2012",
	VOLUME       = "",
	NUMBER       = "",
	PAGES        = "80-83",
	MONTH        = "",
	NOTE         = "",
	keywords      = "g",
}

@ARTICLE{SPEED,
	AUTHOR       = "Gardecki, Stanisław and Giernacki, Wojciech and Gośliński, Jarosław",
	TITLE        = "Speed Control of Drive Unit in Four-rotor Flying Robot.",
	JOURNAL = "ICINCO",
	YEAR         = "2013",
	VOLUME       = "",
	NUMBER       = "",
	PAGES        = "245--250",
	MONTH        = "",
	NOTE         = "",
	keywords      = "g",
}

@ARTICLE{Sonar,
	AUTHOR       = "Gardecki, Stanisław and Gośliński, Jarosław and Giernacki, Wojciech",
	TITLE        = "The influence of drive unit on measurement error of ultrasonic sensor in multi-rotor flying robot",
	JOURNAL = "Journal of Automation, Mobile Robotics \& Intelligent Systems",
	YEAR         = "2013",
	VOLUME       = "7",
	NUMBER       = "2",
	PAGES        = "12-17",
	MONTH        = "",
	NOTE         = "",
	keywords      = "g",
}

@ARTICLE{ADRC1,
	AUTHOR       = "Madonski, R and Michałek, Maciej",
	TITLE        = "Odporne sterowanie ADRC w układzie z wielowymiarowym obiektem aerodynamicznym",
	JOURNAL = "XVII Krajowa Konferencja Automatyki – KKA 2011",
	YEAR         = "2011",
	VOLUME       = "",
	NUMBER       = "",
	PAGES        = "121-132",
	MONTH        = "",
	NOTE         = ""
}

@ARTICLE{ADRC2,
	AUTHOR       = "Yu, Yue and Wang, Honglun and Shao, Xingling and Huang, Yu",
	TITLE        = "The attitude control of UAV in carrier landing based on ADRC",
	JOURNAL = "2016 IEEE Chinese Guidance, Navigation and Control Conference (CGNCC)",
	YEAR         = "2016",
	VOLUME       = "",
	NUMBER       = "",
	PAGES        = "832-837",
	MONTH        = "",
	NOTE         = ""
}

@ARTICLE{ESA1,
	AUTHOR       = "Lutz, T and Gu, C and Gardecki, S and Cordes, F and Hormigo, T and B{\"o}ljes, A and Bolz, J and De Maagt, P",
	TITLE        = "StarTiger Dropter project: Development and flight experiment of a Skycrane-like terrestrial lander demonstrator",
	JOURNAL = "International ESA Conference on Guidance, Navigation and Control Systems",
	YEAR         = "2014",
	VOLUME       = "",
	NUMBER       = "",
	PAGES        = "",
	MONTH        = "",
	NOTE         = "",
	keywords      = "g",
}

@ARTICLE{ESA2,
	AUTHOR       = "Hormigo, T and Gu, C and Lutz, T and Gardecki, S and Cordes, F and B{\"o}ljes, A and Bolz, J and De Maagt, P",
	TITLE        = "StarTiger Dropter project: Integrated, closed-loop vision-aided navigation with hazard detection and avoidance",
	JOURNAL = "International ESA Conference on Guidance, Navigation and Control Systems",
	YEAR         = "2014",
	VOLUME       = "",
	NUMBER       = "",
	PAGES        = "",
	MONTH        = "",
	NOTE         = "",
	keywords      = "g",
}

@ARTICLE{HORNET,
	AUTHOR       = "Gardecki, Stanisław and and Kasiński, Andrzej",
	TITLE        = "Wielowirnikowy robot latający Hornet",
	JOURNAL = "Prace Naukowe – Elektronika: Problemy Robotyki Tom II, Oficyna wydawnicza Politechniki Warszawskiej",
	YEAR         = "2010",
	VOLUME       = "175",
	NUMBER       = "",
	PAGES        = "655 – 664",
	MONTH        = "",
	NOTE         = "",
	keywords      = "g",
}

@ARTICLE{FALCON,
	AUTHOR       = "Bondyra, Adam and Gardecki, Stanisław and Gąsior, Przemysław and Giernacki, Wojciech",
	TITLE        = "Falcon: A compact multirotor flying platform with high load capability",
	JOURNAL = "Advances in Intelligent Systems and Computing, Progress in Automation, Robotics and Measuring Techniques",
	YEAR         = "2015",
	VOLUME       = "351",
	NUMBER       = "",
	PAGES        = "95-104",
	MONTH        = "",
	NOTE         = "",
	keywords      = "g",
}

@ARTICLE{COAXIAL,
	AUTHOR       = "Bondyra, Adam and Gardecki, Stanisław and Gąsior, Przemysław and Giernacki, Wojciech",
	TITLE        = "Performance of coaxial propulsion in design of multi-rotor UAVs",
	JOURNAL			 = "Advances in Intelligent Systems and Computing",
	YEAR         = "2016",
	VOLUME       = "440",
	NUMBER       = "",
	PAGES        = "523-531",
	MONTH        = "",
	NOTE         = "",
	keywords      = "g",
}

@ARTICLE{MATMODEL,
	AUTHOR       = "Goślinski, Jarosław and Giernacki, Wojciech and Gardecki, Stanisław",
	TITLE        = "Unscented Kalman Filter for an orientation module of quadrotor mathematical model",
	JOURNAL			 = "9th Asian Control Conference (ASCC)",
	YEAR         = "2013",
	VOLUME       = "",
	NUMBER       = "",
	PAGES        = "1-6",
	MONTH        = "",
	NOTE         = "",
	keywords      = "g",
}

@MISC{ADIS,
	AUTHOR       = "Analog Devices",
	TITLE        = "ADIS16488, Ten Degrees of Freedom Inertial Sensor",
	HOWPUBLISHED = "http://www.analog.com/media/en/technical-documentation/data-sheets/ADIS16488A.pdf",
	MONTH        = "",
	YEAR         = "",
	NOTE         = ""
}

@ARTICLE{FC1,
	AUTHOR       = "Coopmans, Calvin and Jensen, Austin M and Chen, YangQuan",
	TITLE        = "Fractional-Order Complementary Filters for Small Unmanned Aerial System Navigation",
	JOURNAL 		 = "2013 International Conference on Unmanned Aircraft Systems (ICUAS)",
	YEAR         = "2013",
	VOLUME       = "",
	NUMBER       = "",
	PAGES        = "754-760",
	MONTH        = "",
	NOTE         = ""
}

@ARTICLE{FC2,
	AUTHOR       = "Benziane, L and Benallegue, Abdelaziz and El Hadri, A",
	TITLE        = "A Globally Asymptotic Attitude Estimation Using Complementary Filtering",
	JOURNAL 		 = "2012 IEEE International Conference on Robotics and Biomimetics (ROBIO)",
	YEAR         = "2012",
	VOLUME       = "",
	NUMBER       = "",
	PAGES        = "878-883",
	MONTH        = "",
	NOTE         = ""
}

@ARTICLE{FK1,
	AUTHOR       = "Ivan, Gonzalez",
	TITLE        = "Attitude stabilization of a Quad-rotor UAV based on rotor speed sensing with Accelerometer data estimation via Kalman filtering",
	JOURNAL 		 = "Proceedings of the 31st Chinese Control Conference",
	YEAR         = "2012",
	VOLUME       = "",
	NUMBER       = "",
	PAGES        = "5123-5128",
	MONTH        = "",
	NOTE         = ""
}

@ARTICLE{FK2,
	AUTHOR       = "de Marina, Hector Garcia and Pereda, Fernando J and Giron-Sierra, Jose M and Espinosa, Felipe",
	TITLE        = "UAV Attitude Estimation Using Unscented Kalman Filter and TRIAD",
	JOURNAL 		 = "IEEE Transactions on Industrial Electronics",
	YEAR         = "2012",
	VOLUME       = "59",
	NUMBER       = "11",
	PAGES        = "4465-4474",
	MONTH        = "",
	NOTE         = ""
}

@BOOK{FK3,
	AUTHOR       = "Welch, Greg and Bishop, Gary",
	TITLE        = "An Introduction to the Kalman Filter",
	PUBLISHER    = "Department of Computer Science, University of North Carolina at Chapel Hill Chapel Hill, NC 27599-3175",
	YEAR         = "2006",
	VOLUME       = "",
	SERIES       = "",
	ADDRESS      = "",
	EDITION      = "",
	MONTH        = "",
	NOTE         = ""
}

@ARTICLE{MAG1,
	AUTHOR       = "Barczyk, Martin and Jost, Michael and Kastelan, David R and Lynch, Alan F and Listmann, Kim D",
	TITLE        = "An experimental validation of magnetometer integration into a GPS-aided helicopter UAV navigation system",
	JOURNAL 		 = "Proceedings of the 2010 American Control Conference",
	YEAR         = "2010",
	VOLUME       = "",
	NUMBER       = "",
	PAGES        = "4439-4444",
	MONTH        = "",
	NOTE         = ""
}

@MISC{MAG2,
	AUTHOR       = "Ozyagcilar, Talat",
	TITLE        = "Implementing a Tilt-Compensatede Compass using Accelerometer and Magnetometer",
	HOWPUBLISHED = "https://cache.freescale.com/files/sensors/doc/app\_note/AN4248.pdf",
	MONTH        = "",
	YEAR         = "2015",
	NOTE         = ""
}

@ARTICLE{MODEL,
	AUTHOR       = "Gardecki, Stanislaw and Giernacki, Wojciech and Goslinski, Jaroslaw and Kasinski, Andrzej",
	TITLE        = "An adequate mathematical model of four-rotor flying robot in the context of control simulations",
	JOURNAL 		 = "Journal of Automation, Mobile Robotics \& Intelligent Systems",
	YEAR         = "2014",
	VOLUME       = "8",
	NUMBER       = "2",
	PAGES        = "9-16",
	MONTH        = "",
	NOTE         = "",
	keywords      = "g",
}

@ARTICLE{MAHONY1,
	AUTHOR       = "Hamel, Tarek and Mahony, Robert",
	TITLE        = "Attitude estimation on SO(3) based on direct inertial measurements",
	JOURNAL 		 = "Proceedings 2006 IEEE International Conference on Robotics and Automation, 2006. ICRA 2006.",
	YEAR         = "2006",
	VOLUME       = "",
	NUMBER       = "",
	PAGES        = "2170-2175",
	MONTH        = "",
	NOTE         = ""
}

@ARTICLE{MAHONY2,
	AUTHOR       = "Mahony, Robert and Hamel, Tarek and Pflimlin, Jean-Michel",
	TITLE        = "Nonlinear Complementary Filters on the Special Orthogonal Group",
	JOURNAL 		 = "IEEE Transactions on Automatic Control",
	YEAR         = "2008",
	VOLUME       = "53",
	NUMBER       = "5",
	PAGES        = "1203-1218",
	MONTH        = "",
	NOTE         = ""
}

@ARTICLE{MAHONY3,
	AUTHOR       = "Euston, Mark and Coote, Paul and Mahony, Robert and Kim, Jonghyuk and Hamel, Tarek",
	TITLE        = "A Complementary Filter for Attitude Estimation of a Fixed-Wing UAV",
	JOURNAL 		 = "2008 IEEE/RSJ International Conference on Intelligent Robots and Systems",
	YEAR         = "2008",
	VOLUME       = "",
	NUMBER       = "",
	PAGES        = "340-345",
	MONTH        = "",
	NOTE         = ""
}

@ARTICLE{BARO1,
	AUTHOR       = "Li, Binghao and Harvey, Bruce and Gallagher, Thomas",
	TITLE        = "Using barometers to determine the height for indoor positioning",
	JOURNAL			 = "International Conference on Indoor Positioning and Indoor Navigation",
	YEAR         = "2013",
	VOLUME       = "",
	NUMBER       = "",
	PAGES        = "1-7",
	MONTH        = "",
	NOTE         = ""
}

@ARTICLE{BARO2,
	AUTHOR       = "Liu, H and Liu, M and Wei, X and Song, QJ and Ge, YJ and Wang, FL",
	TITLE        = "Auto altitude holding of quadrotor UAVs with Kalman filter based vertical velocity estimation",
	JOURNAL 		 = "Proceeding of the 11th World Congress on Intelligent Control and Automation",
	YEAR         = "2014",
	VOLUME       = "",
	NUMBER       = "",
	PAGES        = "4765-4770",
	MONTH        = "",
	NOTE         = ""
}

@ARTICLE{LQR1,
	AUTHOR       = "Bagheri, Shahriar and Jafarov, Tural and Freidovich, Leonid and Sepehri, Nariman",
	TITLE        = "Beneficially combining LQR and PID to control longitudinal dynamics of a SmartFly UAV",
	JOURNAL			 = "2016 IEEE 7th Annual Information Technology, Electronics and Mobile Communication Conference (IEMCON)",
	YEAR         = "2016",
	VOLUME       = "",
	NUMBER       = "",
	PAGES        = "1-6",
	MONTH        = "",
	NOTE         = ""
}

@ARTICLE{VELOCITY,
	AUTHOR       = "Gąsior, Przemysław and Gardecki, Stanisław and Gośliński, Jarosław and Giernacki, Wojciech",
	TITLE        = "Estimation of altitude and Vertical Velocity for multirotor aerial Vehicle using Kalman Filter",
	JOURNAL 		 = "Advances in Intelligent Systems and Computing, Recent Advances in Automation, Robotics and Measuring Techniques",
	YEAR         = "2014",
	VOLUME       = "267",
	NUMBER       = "",
	PAGES        = "377-385",
	MONTH        = "",
	NOTE         = "",
	keywords      = "g",
}

@ARTICLE{ROBUST,
	AUTHOR       = "Gąsior, Przemysław and Bondyra, Adam and Gardecki, Stanisław and Giernacki, Wojciech",
	TITLE        = "Robust estimation algorithm of altitude and vertical velocity for multirotor UAVs",
	JOURNAL			 = "In Methods and Models in Automation and Robotics (MMAR), 21st International Conference",
	YEAR         = "2016",
	VOLUME       = "",
	NUMBER       = "",
	PAGES        = "714-719",
	MONTH        = "",
	NOTE         = "",
	keywords      = "g",
}

@ARTICLE{PSO1,
	AUTHOR       = "Gośliński, Jarosław and Gardecki, Stanisław and Giernacki, Wojciech",
	TITLE        = "An efficient PSO-based method for an identification of a Quadrotor model parameters",
	JOURNAL 		 = "Advances in Intelligent Systems and Computing, Automation, Robotics and Measuring Techniques",
	YEAR         = "2015",
	VOLUME       = "351",
	NUMBER       = "",
	PAGES        = "95-104",
	MONTH        = "",
	NOTE         = "",
	keywords      = "g",
}

@ARTICLE{PSO2,
	AUTHOR       = "Rajesh, R. J. and Ananda, C. M.",
	TITLE        = "PSO tuned PID controller for controlling camera position in UAV using 2-axis gimbal",
	JOURNAL 		 = "2015 International Conference on Power and Advanced Control Engineering (ICPACE)",
	YEAR         = "2015",
	VOLUME       = "351",
	NUMBER       = "",
	PAGES        = "128-133",
	MONTH        = "",
	NOTE         = ""
}

@ARTICLE{patent,
	AUTHOR       = "Gardecki, Stanisław and Kasiński, Andrzej",
	TITLE        = "Urządzenie kompensujące skutki gwałtownych przyziemień bezzałogowych aparatów latających",
	JOURNAL 		 = "PL.396285, opublikowane w BUP z 18.03.2013",
	YEAR         = "2013",
	VOLUME       = "",
	NUMBER       = "",
	PAGES        = "",
	MONTH        = "",
	NOTE         = "",
	keywords      = "p",
}

@MASTERSTHESIS{MGR,
    author    = "Gardecki, Stanisław",
    title     = "Projekt i wykonanie modelu wielowirnikowego robota latającego",
    school    = "Politechnika Poznańska",
		YEAR      = "2009",
    type     = "Praca magisterska",
    address  = "",
    month    = "",
    note     = "",
}

@ARTICLE{LARICS1,
	AUTHOR       = "Orsag, Matko and Korpela, Christopher and Bogdan, Stjepan and Oh, Paul",
	TITLE        = "Valve Turning using a Dual-Arm Aerial Manipulator",
	JOURNAL 		 = "International Conference on Unmanned Aircraft Systems (ICUAS)",
	YEAR         = "2014",
	VOLUME       = "",
	NUMBER       = "",
	PAGES        = "836-841",
	MONTH        = "",
	NOTE         = ""
}

@ARTICLE{LARICS2,
	AUTHOR       = "Orsag, Matko and Korpela Christopher and Bogdan, Stjepan and Oh Paul",
	TITLE        = "Lyapunov based Model Reference Adaptive Control for Aerial Manipulation",
	JOURNAL 		 = "International Conference on Unmanned Aircraft Systems (ICUAS)",
	YEAR         = "2013",
	VOLUME       = "",
	NUMBER       = "",
	PAGES        = "966-973",
	MONTH        = "",
	NOTE         = ""
}

@ARTICLE{DISTRIBUTED,
	AUTHOR       = "Bondyra, Adam and Gardecki, Stanisław and Gąsior, Przemysław",
	TITLE        = "Distributed control system for multirotor aerial platforms",
	JOURNAL 		 = "Measurement Automation Monitoring",
	YEAR         = "2015",
	VOLUME       = "7",
	NUMBER       = "",
	PAGES        = "343-345",
	MONTH        = "",
	NOTE         = "",
	keywords      = "g",
}

@ARTICLE{Egypt,
	AUTHOR       = "Khalifa, Ahmed and Fanni, Mohamed and Ramadan, Ahmed and Abo-Ismail, Ahmed",
	TITLE        = "Adaptive Intelligent Controller Design for a New Quadrotor Manipulation System",
	JOURNAL 		 = "IEEE International Conference on Systems, Man, and Cybernetics",
	YEAR         = "2013",
	VOLUME       = "",
	NUMBER       = "",
	PAGES        = "1666-1671",
	MONTH        = "",
	NOTE         = ""
}

@ARTICLE{FUZZY,
	AUTHOR       = "Gąsior, Przemysław and Bondyra, Adam and Gardecki, Stanisław and Giernacki, Wojciech and Kasiński, Andrzej",
	TITLE        = "Thrust estimation by fuzzy modeling of coaxial propulsion unit for multirotor UAVs",
	JOURNAL 		 = "In Multisensor Fusion and Integration for Intelligent Systems (MFI), IEEE International Conference on",
	YEAR         = "2016",
	VOLUME       = "",
	NUMBER       = "",
	PAGES        = "418-423",
	MONTH        = "",
	NOTE         = "",
	keywords      = "g",
}

@BOOK{AEROSENS,
	AUTHOR       = "Nebylov, Alexander",
	TITLE        = "Aerospace sensors",
	PUBLISHER    = "Momentum Press, New York USA",
	YEAR         = "2013",
	VOLUME       = "",
	SERIES       = "",
	ADDRESS      = "",
	EDITION      = "",
	MONTH        = "",
	NOTE         = ""
}

@BOOK{MODELE,
	AUTHOR       = "Muciek, Andrzej",
	TITLE        = "Wyznaczanie modeli matematycznych z danych eksperymentalnych",
	PUBLISHER    = "Oficyna Wydawnicza Politechniki Wrocławskiej",
	YEAR         = "2012",
	VOLUME       = "",
	SERIES       = "",
	ADDRESS      = "",
	EDITION      = "",
	MONTH        = "",
	NOTE         = ""
}

@ARTICLE{MODEL_WIEL,
	AUTHOR       = "Muciek, Andrzej",
	TITLE        = "Wyznaczanie modeli wielomianowych obiektów z danych eksperymentalnych",
	JOURNAL 		 = "Pomiar Automatyka Kontrola, Oficyna wydawnicza (PAK)",
	YEAR         = "2007",
	VOLUME       = "",
	NUMBER       = "",
	PAGES        = "198-201",
	MONTH        = "",
	NOTE         = ""
}

@article{KG2010,
  author="W. Kasprzak and S. Gardecki",
  title = "Eliminacja wybranych zakłóceń w optoelektronicznym układzie służącym do pomiaru natężenia pola elektrycznego",
  journal = "Przegląd Elektrotechniczny",
  volume = "R. 86, nr 11b",
  year = "2010",
  pages = "36--39",
  keywords      = "g",
}

@INPROCEEDINGS{6910436,
author={J. Goslinski and W. Giernacki and S. Gardecki},
booktitle={2014 International Conference on Intelligent Environments},
title={Introduction of the Flying Robots into the Human Environment: An Adaptive Square-Root Unscented Kalman Filter for a Fault Tolerant State Estimation in a Quadrotor},
year={2014},
pages={117-123},
keywords={i},
month={June},
}

@Inbook{Gośliński2014,
author="Go{\'{s}}li{\'{n}}ski, Jaros{\l}aw
and Gardecki, Stanis{\l}aw
and Giernacki, Wojciech",
editor="Szewczyk, Roman
and Zieli{\'{n}}ski, Cezary
and Kaliczy{\'{n}}ska, Ma{\l}gorzata",
title="The Influence of the End Effector Gyroscopic Torques on a Base of the Manipulator",
bookTitle="Recent Advances in Automation, Robotics and Measuring Techniques",
year="2014",
publisher="Springer International Publishing",
address="Cham",
pages="387--397",
isbn="978-3-319-05353-0",
keywords={i},
}

@INPROCEEDINGS{6910436,
author={ W. Giernacki and S. Gardecki and J. Goslinski},
booktitle={17th International Conference on Automatic Control, Modelling & Simulation (ACMOS'15)},
title={Studies on the control quality improvement for multirotor flying robot},
year={2015},
pages={128-133},
keywords={i},
}


