@manual {lshort2e,
    author   = "Tobias Oetiker et al.",
    title    = "A (Not So) Short Introduction to \LaTeXe",
    year     = "2018",
    note     = "\url{https://ctan.org/pkg/lshort-english}",
}

@manual {lshort2ePL,
	author   = "Tobias Oetiker i inni",
	title    = "Nie za kr√≥tkie wprowadzenie do systemu \LaTeXe",
	year     = "2007",
	note     = "\url{https://ctan.org/tex-archive/info/lshort/polish/}",
}

@manual {WikiBook,
	title    = "LaTeX w Wikibooks",
	note     = "\url{https://pl.wikibooks.org/wiki/LaTeX}",
}

@manual {overleaf,
	title    = "Dokumentacja portalu Overleaf",
	note     = "\url{https://www.overleaf.com/learn/latex/Main_Page}",
}
